@online{deepmgo,
	title="AlphaGo",
	author="DeepMind",
	url="https://www.deepmind.com/research/highlighted-research/alphago",
	urldate="2022-11-04"
}

@article{mauldin83,

	title="{ROG-O-MATIC}: A Belligerent Expert System",
	author="Mauldin, M. and Jacobson, G. and Appel, A. and Hamey, L.",
	year="1983",
	publisher="Carnegie Mellon University"
}

@article{asperti17,
	title="Rogueinabox: An Environment for Roguelike Learning",
	author="Asperti, A. and De Pieri, C. and Pedrini, G.",
	year="2017",
	journal="International Journal of Computers",
	pages="146--154",
	volume="2"
}

@article{hochreiter97,
	title={Long short-term memory},
	author={Hochreiter, Sepp and Schmidhuber, J{\"u}rgen},
	journal={Neural computation},
	volume={9},
	number={8},
	pages={1735--1780},
	year={1997},
	publisher={MIT Press}
}

@article{vinyals19,
	title="Grandmaster level in StarCraft II using multi-agent reinforcement learning",
	author="Vinyals, O. and Babuschkin, I. and Czarnecki, W. M. and others",
	year="2019",
	journal="Nature",
	volume="575",
	pages="350--354"
}

@article{berner19,
	title={Dota 2 with large scale deep reinforcement learning},
	author={Berner, Christopher and Brockman, Greg and Chan, Brooke and Cheung, Vicki and others},
	year={2019}
}

@article{mnih15,
	title="Human-level control through deep reinforcement learning",
	author="Mnih, Volodymyr and Kavukcuoglu, Koray and Silver, David and Rusu, Andrei A and others",
	year="2015",
	journal="Nature",
	volume="518",
	pages="529--533"
}

@book{sutton18,
	title="Reinforcement learning: an introduction",
	author="Sutton, Richard S and Barto, Andrew G",
	year="2018",
	publisher="MIT Press"
}

@article{silver16,
	title="Mastering the game of Go with deep neural networks and tree search",
	author="Silver, D. and Huang, A. and Maddison, C. and others",
	year="2016",
	journal="Nature",
	volume="529",
	pages="484--489"
}

@book{jackson86,
	title={Introduction to expert systems},
	author={Jackson, Peter},
	year={1986},
	publisher={Addison-Wesley Pub. Co., Reading, MA}
}

@misc{gamasutra16,
	author       = {Gamasutra},
	howpublished = {https://www.gamedeveloper.com/design/-i-rogue-i-co-creator-permadeath-was-never-supposed-to-be-about-pain-},
	title        = {Rogue co-creator: permadeath was never supposed to be 'about pain'},
	year         = {2016}
}

@article{cortesi18,
	author="Cortesi, Daniele and Asperti, Andrea",
	title="Reinforcement Learning in Rogue",
	year="2018",
}

@article{matthews22,
	author="Matthews, M. and Samvelyan, M. and Parker-Holder, J. and Grefenstette, E. and Rockt{\"a}schel",
	title="Hierarchical Kickstarting for Skill Transfer in Reinforcement Learning",
	year="2022"
}
