@article{asperti17,
	title="Rogueinabox: An Environment for Roguelike Learning",
	author="Asperti, A. and De Pieri, C. and Pedrini, G.",
	year="2017",
	journal="International Journal of Computers",
	pages="146--154",
	volume="2"
}

@article{mauldin83,
	title="ROG-O-MATIC: A Belligerent Expert System",
	author="Mauldin, M. and Jacobson, G. and Appel, A. and Hamey, L.",
	year="1983",
	publisher="Carnegie Mellon University"
}

@online{deepmgo,
	title="AlphaGo",
	author="DeepMind",
	url="https://www.deepmind.com/research/highlighted-research/alphago",
	urldate="2022-11-04"
}